@JOURNAL{Nguyen1, author={Nguyen TN, Nguyen-Xuan H, Lee J.}, journal={Finite Elem
Anal Des.}, title={A novel data-driven nonlinear solver for solid mechanics using time series forecasting}, year={2020}, volume={171}, number={103377}, pages={}, ISBN={}}
@JOURNAL{Nguyen2, author={Nguyen TN, Thai CH, Luu AT, Nguyen-Xuan H, Lee J.}, journal={Comput Methods Appl Mech Eng.}, title={NURBS-based postbuckling analysis of functionally graded carbon
nanotube-reinforced composite shells}, year={2019}, volume={347}, number={}, pages={983-1003}, ISBN={}}